@book{SWB-394434307,
title = {Lehrbuch In-Memory Data Management : Grundlagen der In-Memory-Technologie},
author = {Plattner, Hasso},
address = {Wiesbaden},
publisher = {Springer Gabler},
year = {c2013},
page = {9},
isbn = {978-3-658-03212-8; 3-658-03212-X},
size = {XV, 291 : Ill., graph. Darst. ; 240 mm x 168 mm},
keywords = { ; Data Mining},
note = { 201309},
bestand = {Sächsische Landesbibliothek - Staats- und Universitätsbibliothek <14> [Signatur: bestellt];
Württembergische Landesbibliothek <24> [Signatur: 63/16413];
Hochschule für Technik, Wirtschaft und Kultur Leipzig <L 189>;
Hochschule Mannheim, Hochschulbibliothek <953> [Signatur: E IV 13020];
Hochschule Aalen <944> [Signatur: 484 Pla];
Duale Hochschule Baden-Württemberg Mannheim <Mh 35> [Signatur: INF G 7900.141];
Hochschule Offenburg <Ofb 1> [Signatur: ST 530 023 2013];
Duale Hochschule Baden-Württemberg Stuttgart, <Stg 258> [Signatur: INF g 10.108];
},
URL = {http://deposit.d-nb.de/cgi-bin/dokserv?id=4452889&prov=M&dok_var=1&dok_ext=htm},
}
@article{Grow2013,
author = {John Gantz and David Reinsel},
title = {Extracting Value from Chaos},
volume = {0},
year = {2011},
URL = {http://www.emc.com/collateral/analyst-reports/idc-extracting-value-from-chaos-ar.pdf},
publisher = {EMC Corporation},
note = {[Online;accessed 09-January-2014]}
}
@article{NewSQL2011,
author = {Michael Stonebraker},
title = {New SQL: An Alternative to NoSQL and Old SQL for New OLTP Apps},
volume = {0},
year = {2011},
URL = {http://cacm.acm.org/blogs/blog-cacm/109710-new-sql-an-alternative-to-nosql-and-old-sql-for-new-oltp-apps/fulltext},
publisher = {COMMUNICATIONS OF THE ACM},
note = {[Online;accessed 23-November-2013]}
}
@article{10.1109/ICDE.2013.6544811,
author = {Justin J. Levandoski and Per-Ake Larson and Radu Stoica},
title = {Identifying hot and cold data in main-memory databases},
journal ={2013 IEEE 29th International Conference on Data Engineering (ICDE)},
volume = {0},
issn = {1063-6382},
year = {2013},
pages = {26-37},
doi = {http://doi.ieeecomputersociety.org/10.1109/ICDE.2013.6544811},
publisher = {IEEE Computer Society},
address = {Los Alamitos, CA, USA},
}
@book{SWB-352401869,
title = {Datenbanken : Implementierungstechniken},
author = {Saake, Gunter and Sattler, Kai-Uwe and Heuer, Andreas},
address = {Heidelberg},
publisher = {mitp},
year = {2011},
edition = {3. Aufl.},
note = "Seiten : 176 - 182",
isbn = {978-3-8266-9156-0; 3-8266-9156-3},
size = {XVI, 630 S. : Ill., graph. Darst. ; 240 mm x 170 mm},
keywords = {Datenbanksystem},
bestand = {Universitätsbibliothek Tübingen <21> [Signatur: 52 A 5295];
Sächsische Landesbibliothek - Staats- und Universitätsbibliothek <14>;
Württembergische Landesbibliothek <24> [Signatur: 61/18630];
Universitätsbibliothek Heidelberg <16> [Signatur: LN-U10-10073];
Universität Heidelberg, Bibliothek der Fakultät für Mathematik <16/7> [Signatur: Saake];
Karlsruher Institut für Technologie (KIT) - KIT-Bibliothek <90> [Signatur: 99 A 2091(3)];
Universitätsbibliothek Stuttgart <93> [Signatur: 4H 8794(3)];
Badische Landesbibliothek <31> [Signatur: 111 A 12682];
Universitätsbibliothek Chemnitz <Ch 1>;
Hochschulbibliothek Reutlingen <Rt 2> [Signatur: I 3-400-308/3];
Westsächsische Hochschule Zwickau <Zwi 2> [Signatur: 86 793];
Hochschule für Technik, Wirtschaft und Kultur Leipzig <L 189>;
Hochschulbibliothek Konstanz - <Kon 4> [Signatur: iga/106];
Hochschule Mannheim, Hochschulbibliothek <953> [Signatur: E IV 12525];
Hochschule Nürtingen-Geislingen <950> [Signatur: inf 6.4/24];
Bibl.sigel [Signatur: ST 270];
},
URL = {http://deposit.d-nb.de/cgi-bin/dokserv?id=3872660&prov=M&dok_var=1&dok_ext=htm ; http://d-nb.info/1014629934/04},
}
@article{ElSappagh201191,
title = "A proposed model for data warehouse \{ETL\} processes ",
journal = "Journal of King Saud University - Computer and Information Sciences ",
volume = "23",
number = "2",
pages = "91 - 104",
year = "2011",
note = "",
issn = "1319-1578",
doi = "http://dx.doi.org/10.1016/j.jksuci.2011.05.005",
url = "http://www.sciencedirect.com/science/article/pii/S131915781100019X",
author = "Shaker H. Ali El-Sappagh and Abdeltawab M. Ahmed Hendawi and Ali Hamed El Bastawissy",
keywords = "Data warehouse",
keywords = "\{ETL\} processes",
keywords = "Database",
keywords = "Data mart",
keywords = "\{OLAP\}",
keywords = "Conceptual modeling "
}
@book{SWB-386976589,
title = {Graph databases : [compliments of Neo technology]},
author = {Robinson, Ian and Webber, Jim and Eifrem, Emil},
address = {Beijing},
publisher = {OReilly},
year = {2013},
edition = {1. ed.},
isbn = {978-1-449-35626-2; 1-449-35626-5},
size = {XII, 208 S. : Ill., graph. Darst.},
keywords = { ; Datenbankentwurf ; Datenbanksystem},
bestand = { Universität Freiburg, Bibliothek der Technischen Fakultät <25/91> [Signatur: Frei 91: HB/F.1/187];
Universität des Saarlandes, Wirtschaftswiss. Seminarbibliothek, <291/114> [Signatur: BF-8d-71 / ISS];
Universitätsbibliothek Konstanz <352>;
Universitätsbibliothek Heidelberg <16> [Signatur: LN-U10-17175];
Karlsruher Institut für Technologie (KIT) - KIT-Bibliothek <90> [Signatur: 2013 A 3124];
Universitätsbibliothek Stuttgart <93>;
Badische Landesbibliothek <31>;
Pädagogische Hochschule Weingarten, Hochschulbibliothek <747> [Signatur: ST 270 R658 G766];
Hochschule Mannheim, Hochschulbibliothek <953> [Signatur: E IV 18062];
},
URL = {http://deposit.d-nb.de/cgi-bin/dokserv?id=4300566&prov=M&dok_var=1&dok_ext=htm},
}
@article{kallman08, 
  author = {Kallman, Robert and Kimura, Hideaki and Natkins, Jonathan and Pavlo, Andrew and Rasin, Alexander and Zdonik, Stanley and Jones, Evan P. C. and Madden, Samuel and Stonebraker, Michael and Zhang, Yang and Hugg, John and Abadi, Daniel J.}, 
  title = {{H}-{S}tore: a High-Performance, Distributed Main Memory Transaction Processing System}, 
  journal = {Proc. VLDB Endow.}, 
  volume = {1}, 
  number = {2}, 
  year = {2008}, 
  issn = {2150-8097}, 
  pages = {1496--1499}, 
  doi = {http://doi.acm.org/10.1145/1454159.1454211}, 
  publisher = {VLDB Endowment}, 
  url = {http://hstore.cs.brown.edu/papers/hstore-demo.pdf} 
 }
@book{SWB-088582566,
title = {Go to COM : [das Objektmodell im Detail betrachtet; COM von Grund auf; beispielorientiert]},
series = {Go-To-Reihe},
author = {Loos, Peter},
address = {München [u.a.]},
publisher = {Addison-Wesley},
year = {2001},
isbn = {3-8273-1678-2},
size = {671 S. : Ill. ; 1 CD-ROM},
keywords = { ; COM <Programmierumgebung>},
bestand = {Forstliche Versuchs- und Forschungsanstalt Baden-Württemberg <Frei 68> [Signatur: 4514];
Karlsruher Institut für Technologie (KIT) - KIT-Bibliothek <90> [Signatur: 2000 A 3766];
Universitätsbibliothek Stuttgart <93> [Signatur: 5H 880];
Universität Stuttgart, Institut für Landschaftsplanung <93/129> [Signatur: AD K 085 A];
Universität Hohenheim, Institut für landwirtschaftliche <100/410> [Signatur: I 68];
Hochschulbibliothek Heilbronn <840> [Signatur: 621.843 LOO];
Hochschulbibliothek Konstanz - <Kon 4> [Signatur: idb/261];
Hochschule Mannheim, Hochschulbibliothek <953> [Signatur: E IV 12959];
Hochschule Furtwangen, Hochschule für Technik und Wirtschaft <Fn 1>;
Hochschule Esslingen, Standort Göppingen <972> [Signatur: Nf Loo];
},
}
@article{Lamport:1978:TCO:359545.359563,
 author = {Lamport, Leslie},
 title = {Time, Clocks, and the Ordering of Events in a Distributed System},
 journal = {Commun. ACM},
 issue_date = {July 1978},
 volume = {21},
 number = {7},
 month = jul,
 year = {1978},
 issn = {0001-0782},
 pages = {558--565},
 numpages = {8},
 url = {http://doi.acm.org/10.1145/359545.359563},
 doi = {10.1145/359545.359563},
 acmid = {359563},
 publisher = {ACM},
 address = {New York, NY, USA},
 keywords = {clock synchronization, computer networks, distributed systems, multiprocess systems},
} 

@misc{SWB-381840476,
title = {A Course in In-Memory Data Management : The Inner Mechanics of In-Memory Databases},
series = {SpringerLink : Bücher},
author = {Plattner, Hasso},
address = {Berlin, Heidelberg},
publisher = {Springer},
year = {2013},
isbn = {978-3-642-36524-9},
size = {Online-Ressource (XXIII, 297 p. 110 illus., 2 illus. in color, digital)},
keywords = {Betriebliches Informationssystem / Datenmanagement / In-Memory-Datenbank ; Economics / Database management / Data mining / Management information systems / Economics/Management Science},
bestand = {Bibliotheksservice-Zentrum <576>;
Universitätsbibliothek Freiburg <25>;
Universitätsbibliothek Konstanz, elektronische Bestände <352E>;
Universität Mannheim, Universitätsbibliothek <180>;
Karlsruher Institut für Technologie (KIT) - KIT-Bibliothek <90>;
Hochschulbibliothek Reutlingen <Rt 2> [Signatur: eBook];
Westsächsische Hochschule Zwickau <Zwi 2> [Signatur: Springer E-Book];
Hochschulbibliothek Heilbronn <840> [Signatur: Springer E-Book];
Hochschule für Technik und Wirtschaft <520> [Signatur: eBook Springer];
Hochschulbibliothek Pforzheim, <951> [Signatur: eBook];
Hochschule Furtwangen, Hochschule für Technik und Wirtschaft <Fn 1> [Signatur: Springer E-Book];
Duale Hochschule Baden-Württemberg Mannheim <Mh 35> [Signatur: eBook Springer];
Hochschule Offenburg <Ofb 1> [Signatur: eBook Springer];
Hochschule Nürtingen-Geislingen <950> [Signatur: eBook Springer];
Duale Hochschule Baden-Württemberg Lörrach, <Lör 2> [Signatur: eBook Springer];
German Graduate School of Management and Law gGmbH Heilbronn <585>;
Hochschulbibliothek ZHAW, Winterthur <CH-ZHAW>;
},
URL = {http://dx.doi.org/10.1007/978-3-642-36524-9},
}
@inproceedings{Abadi:2006:ICE:1142473.1142548,
 author = {Abadi, Daniel and Madden, Samuel and Ferreira, Miguel},
 title = {Integrating Compression and Execution in Column-oriented Database Systems},
 booktitle = {Proceedings of the 2006 ACM SIGMOD International Conference on Management of Data},
 series = {SIGMOD '06},
 year = {2006},
 isbn = {1-59593-434-0},
 location = {Chicago, IL, USA},
 pages = {671--682},
 numpages = {12},
 url = {http://doi.acm.org/10.1145/1142473.1142548},
 doi = {10.1145/1142473.1142548},
 acmid = {1142548},
 publisher = {ACM},
 address = {New York, NY, USA},
 keywords = {column-oriented databases, column-stores, database compression, query execution},
} 
@inbook{vaish2013getting,
  title={Getting Started with Nosql},
  author={Vaish, G.},
  isbn={9781849694995},
  pages = {25--49},
  year={2013},
  publisher={Packt Publishing, Limited}
}
@techreport{agarwal2007thrift,
  abstract = {Thrift is a software library and set of code-generation tools developed at Facebook to expedite development and implementation of efﬁcient and scalable backend services. Its primary goal is to enable efﬁcient and reliable communication across programming languages by abstracting the portions of each language that tend to require the most customization into a common library that is implemented in each language. Speciﬁcally, Thrift allows developers to deﬁne datatypes and service interfaces in a single language-neutral ﬁle and generate all the necessary code to build RPC clients and servers.

This paper details the motivations and design choices we made in Thrift, as well as some of the more interesting implementation details. It is not intended to be taken as research, but rather it is an exposition on what we did and why.
},
  added-at = {2011-11-18T14:03:49.000+0100},
  author = {Agarwal, Aditya and Slee, Mark and Kwiatkowski, Marc},
  biburl = {http://www.bibsonomy.org/bibtex/22593c1a9666cfc633d674051d887c8e3/nosebrain},
  institution = {Facebook},
  interhash = {105e59dd8576a9d92bb7db1ecc7e4980},
  intrahash = {2593c1a9666cfc633d674051d887c8e3},
  keywords = {cross-language scalable service sys:hidden:my:bachelor thrift},
  month = {April},
  timestamp = {2011-11-18T14:03:49.000+0100},
  title = {Thrift: Scalable Cross-Language Services Implementation},
  url = {http://incubator.apache.org/thrift/static/thrift-20070401.pdf},
  year = 2007
}
@article{Dean:2008:MSD:1327452.1327492,
 author = {Dean, Jeffrey and Ghemawat, Sanjay},
 title = {MapReduce: Simplified Data Processing on Large Clusters},
 journal = {Commun. ACM},
 issue_date = {January 2008},
 volume = {51},
 number = {1},
 month = jan,
 year = {2008},
 issn = {0001-0782},
 pages = {107--113},
 numpages = {7},
 url = {http://doi.acm.org/10.1145/1327452.1327492},
 doi = {10.1145/1327452.1327492},
 acmid = {1327492},
 publisher = {ACM},
 address = {New York, NY, USA},
} 
@article{Gilbert:2002:BCF:564585.564601,
 author = {Gilbert, Seth and Lynch, Nancy},
 title = {Brewer's Conjecture and the Feasibility of Consistent, Available, Partition-tolerant Web Services},
 journal = {SIGACT News},
 issue_date = {June 2002},
 volume = {33},
 number = {2},
 month = jun,
 year = {2002},
 issn = {0163-5700},
 pages = {51--59},
 numpages = {9},
 url = {http://doi.acm.org/10.1145/564585.564601},
 doi = {10.1145/564585.564601},
 acmid = {564601},
 publisher = {ACM},
 address = {New York, NY, USA},
} 
@ARTICLE{cap2010,
  author = {Brewer, Dr. Eric},
  title = {PODC keynote},
  journal = JSS,
  year = {2000},
  url = {http://www.cs.berkeley.edu/~brewer/cs262b-2004/PODC-keynote.pdf},
  note = {Online;accessed 27-November-2013}
}
@ARTICLE{nosqlcat2010,
  author = {Alex, Popescu},
  title = {Presentation: NoSQL at CodeMash – An Interesting NoSQL categorization.},
  journal = JSS,
  month = {feb},
  year = {2010},
  url = {http://nosql.mypopescu.com/post/396337069/presentation-nosql-codemash-an-interesting-nosql}
}
@inbook{books/daglib/0025185,
  added-at = {2011-02-04T00:00:00.000+0100},
  author = {Chodorow, Kristina and Dirolf, Michael},
  biburl = {http://www.bibsonomy.org/bibtex/2e2b4c1766e1834d05d8e749623205c93/dblp},
  ee = {http://www.oreilly.de/catalog/9781449381561/index.html},
  interhash = {a9864a2f43d20fd2c107945fd5b1b402},
  intrahash = {e2b4c1766e1834d05d8e749623205c93},
  isbn = {978-1-449-38156-1},
  keywords = {dblp},
  pages = {1-10, 16-17, 101-104, 127-129, 143-147},
  publisher = {O'Reilly},
  timestamp = {2011-02-04T00:00:00.000+0100},
  title = {MongoDB - The Definitive Guide: Powerful and Scalable Data Storage.},
  year = 2010
}
@ARTICLE{couch2013,
  author = {CouchDB},
  title = {Technical Overview},
  journal = JSS,
  year = {2013},
  url = {http://docs.couchdb.org/en/latest/intro/overview.html},
  note = {Online;accessed 27-November-2013}
}
@ARTICLE{vod2013,
  author = {Project Voldemort},
  title = {Voldemort a distributed database},
  journal = JSS,
  year = {2013},
  url = {http://www.project-voldemort.com/voldemort/},
  note = {[Online;accessed 13-November-2013]}
}
@inproceedings{Shvachko:2010:HDF:1913798.1914427,
 author = {Shvachko, Konstantin and Kuang, Hairong and Radia, Sanjay and Chansler, Robert},
 title = {The Hadoop Distributed File System},
 booktitle = {Proceedings of the 2010 IEEE 26th Symposium on Mass Storage Systems and Technologies (MSST)},
 series = {MSST '10},
 year = {2010},
 isbn = {978-1-4244-7152-2},
 pages = {1--10},
 numpages = {10},
 url = {http://dx.doi.org/10.1109/MSST.2010.5496972},
 doi = {10.1109/MSST.2010.5496972},
 acmid = {1914427},
 publisher = {IEEE Computer Society},
 address = {Washington, DC, USA},
} 
@inproceedings{Chang:2006:BDS:1267308.1267323,
 author = {Chang, Fay and Dean, Jeffrey and Ghemawat, Sanjay and Hsieh, Wilson C. and Wallach, Deborah A. and Burrows, Mike and Chandra, Tushar and Fikes, Andrew and Gruber, Robert E.},
 title = {Bigtable: A Distributed Storage System for Structured Data},
 booktitle = {Proceedings of the 7th USENIX Symposium on Operating Systems Design and Implementation - Volume 7},
 series = {OSDI '06},
 year = {2006},
 location = {Seattle, WA},
 pages = {1--15},
 numpages = {1},
 url = {http://dl.acm.org/citation.cfm?id=1267308.1267323},
 acmid = {1267323},
 publisher = {USENIX Association},
 address = {Berkeley, CA, USA},
} 
@inproceedings{Hunt:2010:ZWC:1855840.1855851,
 author = {Hunt, Patrick and Konar, Mahadev and Junqueira, Flavio P. and Reed, Benjamin},
 title = {ZooKeeper: Wait-free Coordination for Internet-scale Systems},
 booktitle = {Proceedings of the 2010 USENIX Conference on USENIX Annual Technical Conference},
 series = {USENIXATC'10},
 year = {2010},
 location = {Boston, MA},
 pages = {1--11},
 numpages = {1},
 url = {http://dl.acm.org/citation.cfm?id=1855840.1855851},
 acmid = {1855851},
 publisher = {USENIX Association},
 address = {Berkeley, CA, USA},
} 
@article{Lakshman:2010:CDS:1773912.1773922,
  abstract = {Cassandra is a distributed storage system for managing very large amounts of structured data spread out across many commodity servers, while providing highly available service with no single point of failure. Cassandra aims to run on top of an infrastructure of hundreds of nodes (possibly spread across different data centers). At this scale, small and large components fail continuously. The way Cassandra manages the persistent state in the face of these failures drives the reliability and scalability of the software systems relying on this service. While in many ways Cassandra resembles a database and shares many design and implementation strategies therewith, Cassandra does not support a full relational data model; instead, it provides clients with a simple data model that supports dynamic control over data layout and format. Cassandra system was designed to run on cheap commodity hardware and handle high write throughput while not sacrificing read efficiency.},
  acmid = {1773922},
  added-at = {2012-04-25T10:41:56.000+0200},
  address = {New York, NY, USA},
  author = {Lakshman, Avinash and Malik, Prashant},
  biburl = {http://www.bibsonomy.org/bibtex/2e25c396b9ea318f4c0591e759507a7ed/jmlordo},
  description = {Cassandra},
  doi = {10.1145/1773912.1773922},
  interhash = {8d90a233678aa931aee0bccb68c7bf04},
  intrahash = {e25c396b9ea318f4c0591e759507a7ed},
  issn = {0163-5980},
  issue_date = {April 2010},
  journal = {SIGOPS Oper. Syst. Rev.},
  keywords = {2012 cassandra nosql seminar summer talk},
  month = apr,
  number = 2,
  numpages = {6},
  pages = {1--5},
  publisher = {ACM},
  timestamp = {2012-04-25T10:41:56.000+0200},
  title = {Cassandra: a decentralized structured storage system},
  url = {http://doi.acm.org/10.1145/1773912.1773922},
  volume = 44,
  year = 2010
}
@ARTICLE{volt2013a,
  author = {VoltDB},
  title = {Technical Overview},
  journal = JSS,
  year = {2013},
  url = {http://voltdb.com/downloads/datasheets_collateral/technical_overview.pdf},
  note = {[Online;accessed 14-November-2013]}
}
@ARTICLE{volt2013b,
  author = {VoltDB},
  title = {Application Brief},
  journal = JSS,
  year = {2013},
  url = {http://voltdb.com/downloads/app_briefs/voltdb_transactions.pdf},
  note = {[Online;accessed 14-November-2013]}
}
@ARTICLE{red2013,
  author = {Seguin, Karl},
  title = {The Little Redis Book},
  journal = JSS,
  year = {2013},
  url = {http://openmymind.net/redis.pdf},
  note = {[Online;accessed 11-November-2013]}
}
@ARTICLE{cas2013a,
  author = {CAS-Software-AG},
  title = {CAS Products WebServices SDK x5 documentation},
  journal = JSS,
  year = {2013},
  publisher = {Elsevier Science Inc.},
  url = {https://partnerportal.cas.de/WebServicesSDK/pages/architecture/overview.html},
    note = {[Online;accessed 4-November-2013]}
}
@ARTICLE{tech2013,
  author = {Cory, Janssen},
  title = {SQL Server},
  journal = JSS,
  year = {2013},
  publisher = {Techopedia.com - The IT Education Site},
  url = {http://www.techopedia.com/definition/1243/sql-server},
    note = {[Online;accessed 8-November-2013]}
}
@book{SWB-380277719,
	title = {Systemanalyse kompakt},
	author = {Rupp, Chris},
	institution = {SOPHIST-Gesellschaft für Innovatives Software-Engineering <Nürnberg>},
	address = {Berlin},
	publisher = {Springer Vieweg},
	year = {2013},
	edition = {3. Aufl.},
	isbn = {978-3-642-35445-8},
	size = {XI, 161 S. : graph. Darst.},
	keywords = {Systemanalyse},
	bestand = {Sächsische Landesbibliothek - Staats- und Universitätsbibliothek <14>;
		Württembergische Landesbibliothek <24> [Signatur: 63/7642];
		Badische Landesbibliothek <31>;
	},
}